%YAML 1.1
%TAG !u! tag:unity3d.com,2011:
--- !u!29 &1
SceneSettings:
  m_ObjectHideFlags: 0
  m_PVSData: 
  m_PVSObjectsArray: []
  m_PVSPortalsArray: []
  m_OcclusionBakeSettings:
    smallestOccluder: 5
    smallestHole: .25
    backfaceThreshold: 100
--- !u!104 &2
RenderSettings:
  m_ObjectHideFlags: 0
  serializedVersion: 6
  m_Fog: 0
  m_FogColor: {r: .5, g: .5, b: .5, a: 1}
  m_FogMode: 3
  m_FogDensity: .00999999978
  m_LinearFogStart: 0
  m_LinearFogEnd: 300
  m_AmbientSkyColor: {r: .211999997, g: .226999998, b: .259000003, a: 1}
  m_AmbientEquatorColor: {r: .114, g: .125, b: .133000001, a: 1}
  m_AmbientGroundColor: {r: .0469999984, g: .0430000015, b: .0350000001, a: 1}
  m_AmbientIntensity: 1
  m_AmbientMode: 0
  m_SkyboxMaterial: {fileID: 2100000, guid: 539403d9a57286e4c8dad4d6f823970a, type: 2}
  m_HaloStrength: .5
  m_FlareStrength: 1
  m_FlareFadeSpeed: 3
  m_HaloTexture: {fileID: 0}
  m_SpotCookie: {fileID: 10001, guid: 0000000000000000e000000000000000, type: 0}
  m_DefaultReflectionMode: 0
  m_DefaultReflectionResolution: 128
  m_ReflectionBounces: 1
  m_ReflectionIntensity: 1
  m_CustomReflection: {fileID: 0}
  m_Sun: {fileID: 0}
--- !u!127 &3
LevelGameManager:
  m_ObjectHideFlags: 0
--- !u!157 &4
LightmapSettings:
  m_ObjectHideFlags: 0
  serializedVersion: 5
  m_GIWorkflowMode: 0
  m_LightmapsMode: 1
  m_GISettings:
    serializedVersion: 2
    m_BounceScale: 1
    m_IndirectOutputScale: 1
    m_AlbedoBoost: 1
    m_TemporalCoherenceThreshold: 1
    m_EnvironmentLightingMode: 0
    m_EnableBakedLightmaps: 1
    m_EnableRealtimeLightmaps: 1
  m_LightmapEditorSettings:
    serializedVersion: 3
    m_Resolution: 2
    m_BakeResolution: 40
    m_TextureWidth: 1024
    m_TextureHeight: 1024
    m_AOMaxDistance: 1
    m_Padding: 2
    m_CompAOExponent: 0
    m_LightmapParameters: {fileID: 0}
    m_TextureCompression: 1
    m_FinalGather: 0
    m_FinalGatherRayCount: 1024
  m_LightmapSnapshot: {fileID: 0}
  m_RuntimeCPUUsage: 25
--- !u!196 &5
NavMeshSettings:
  serializedVersion: 2
  m_ObjectHideFlags: 0
  m_BuildSettings:
    serializedVersion: 2
    agentRadius: .5
    agentHeight: 2
    agentSlope: 45
    agentClimb: .400000006
    ledgeDropHeight: 0
    maxJumpAcrossDistance: 0
    accuratePlacement: 0
    minRegionArea: 2
    cellSize: .166666672
    manualCellSize: 0
  m_NavMeshData: {fileID: 0}
--- !u!4 &84122287 stripped
Transform:
  m_PrefabParentObject: {fileID: 453816, guid: 44f96649c4a651547938c746993465d5, type: 2}
  m_PrefabInternal: {fileID: 1482879645}
--- !u!1 &103227344
GameObject:
  m_ObjectHideFlags: 0
  m_PrefabParentObject: {fileID: 0}
  m_PrefabInternal: {fileID: 0}
  serializedVersion: 4
  m_Component:
  - 4: {fileID: 103227345}
  m_Layer: 0
  m_Name: waypoint (1)
  m_TagString: Untagged
  m_Icon: {fileID: 0}
  m_NavMeshLayer: 0
  m_StaticEditorFlags: 0
  m_IsActive: 1
--- !u!4 &103227345
Transform:
  m_ObjectHideFlags: 0
  m_PrefabParentObject: {fileID: 0}
  m_PrefabInternal: {fileID: 0}
  m_GameObject: {fileID: 103227344}
  m_LocalRotation: {x: 0, y: 0, z: 0, w: 1}
  m_LocalPosition: {x: -5, y: 0, z: -1}
  m_LocalScale: {x: 1, y: 1, z: 1}
  m_Children: []
  m_Father: {fileID: 1696051772}
  m_RootOrder: 2
--- !u!1 &222019601
GameObject:
  m_ObjectHideFlags: 0
  m_PrefabParentObject: {fileID: 0}
  m_PrefabInternal: {fileID: 0}
  serializedVersion: 4
  m_Component:
  - 4: {fileID: 222019602}
  m_Layer: 0
  m_Name: death_triggers
  m_TagString: Untagged
  m_Icon: {fileID: 0}
  m_NavMeshLayer: 0
  m_StaticEditorFlags: 0
  m_IsActive: 1
--- !u!4 &222019602
Transform:
  m_ObjectHideFlags: 0
  m_PrefabParentObject: {fileID: 0}
  m_PrefabInternal: {fileID: 0}
  m_GameObject: {fileID: 222019601}
  m_LocalRotation: {x: 0, y: 0, z: 0, w: 1}
  m_LocalPosition: {x: 0, y: 0, z: 0}
  m_LocalScale: {x: 1, y: 1, z: 1}
  m_Children:
  - {fileID: 1589771340}
  - {fileID: 1351256662}
  m_Father: {fileID: 1394821428}
  m_RootOrder: 0
--- !u!1001 &343612096
Prefab:
  m_ObjectHideFlags: 0
  serializedVersion: 2
  m_Modification:
    m_TransformParent: {fileID: 84122287}
    m_Modifications:
    - target: {fileID: 440166, guid: 81693fdf76333b34e88c585f4517fe98, type: 2}
      propertyPath: m_LocalPosition.x
      value: 0
      objectReference: {fileID: 0}
    - target: {fileID: 440166, guid: 81693fdf76333b34e88c585f4517fe98, type: 2}
      propertyPath: m_LocalPosition.y
      value: 0
      objectReference: {fileID: 0}
    - target: {fileID: 440166, guid: 81693fdf76333b34e88c585f4517fe98, type: 2}
      propertyPath: m_LocalPosition.z
      value: 0
      objectReference: {fileID: 0}
    - target: {fileID: 440166, guid: 81693fdf76333b34e88c585f4517fe98, type: 2}
      propertyPath: m_LocalRotation.x
      value: 0
      objectReference: {fileID: 0}
    - target: {fileID: 440166, guid: 81693fdf76333b34e88c585f4517fe98, type: 2}
      propertyPath: m_LocalRotation.y
      value: -.707106829
      objectReference: {fileID: 0}
    - target: {fileID: 440166, guid: 81693fdf76333b34e88c585f4517fe98, type: 2}
      propertyPath: m_LocalRotation.z
      value: 0
      objectReference: {fileID: 0}
    - target: {fileID: 440166, guid: 81693fdf76333b34e88c585f4517fe98, type: 2}
      propertyPath: m_LocalRotation.w
      value: .707106709
      objectReference: {fileID: 0}
    - target: {fileID: 440166, guid: 81693fdf76333b34e88c585f4517fe98, type: 2}
      propertyPath: m_RootOrder
      value: 4
      objectReference: {fileID: 0}
    m_RemovedComponents:
    - {fileID: 11413042, guid: 81693fdf76333b34e88c585f4517fe98, type: 2}
  m_ParentPrefab: {fileID: 100100000, guid: 81693fdf76333b34e88c585f4517fe98, type: 2}
  m_IsPrefabParent: 0
--- !u!1 &343612097 stripped
GameObject:
  m_PrefabParentObject: {fileID: 135804, guid: 81693fdf76333b34e88c585f4517fe98, type: 2}
  m_PrefabInternal: {fileID: 343612096}
--- !u!114 &343612098 stripped
MonoBehaviour:
  m_PrefabParentObject: {fileID: 11415688, guid: 81693fdf76333b34e88c585f4517fe98,
    type: 2}
  m_PrefabInternal: {fileID: 343612096}
  m_Script: {fileID: 11500000, guid: a020f9446a1badb4196708c21e593a37, type: 3}
--- !u!114 &343612099
MonoBehaviour:
  m_ObjectHideFlags: 0
  m_PrefabParentObject: {fileID: 0}
  m_PrefabInternal: {fileID: 0}
  m_GameObject: {fileID: 343612097}
  m_Enabled: 1
  m_EditorHideFlags: 0
  m_Script: {fileID: 11500000, guid: e0d08b018d0a03d40835cc1ff54c899e, type: 3}
  m_Name: 
  m_EditorClassIdentifier: 
  switchComponent: {fileID: 343612098}
  onSwitchActivatedCommands:
  - {fileID: 1274348917}
  - {fileID: 1917440503}
  onSwitchDeactivatedCommands:
  - {fileID: 1274348916}
  - {fileID: 1917440502}
--- !u!1001 &519398215
Prefab:
  m_ObjectHideFlags: 0
  serializedVersion: 2
  m_Modification:
    m_TransformParent: {fileID: 678406966}
    m_Modifications:
    - target: {fileID: 406332, guid: 396484bf640bfef4684489c0af863034, type: 2}
      propertyPath: m_LocalPosition.x
      value: 0
      objectReference: {fileID: 0}
    - target: {fileID: 406332, guid: 396484bf640bfef4684489c0af863034, type: 2}
      propertyPath: m_LocalPosition.y
      value: 0
      objectReference: {fileID: 0}
    - target: {fileID: 406332, guid: 396484bf640bfef4684489c0af863034, type: 2}
      propertyPath: m_LocalPosition.z
      value: -0
      objectReference: {fileID: 0}
    - target: {fileID: 406332, guid: 396484bf640bfef4684489c0af863034, type: 2}
      propertyPath: m_LocalRotation.x
      value: 0
      objectReference: {fileID: 0}
    - target: {fileID: 406332, guid: 396484bf640bfef4684489c0af863034, type: 2}
      propertyPath: m_LocalRotation.y
      value: 1
      objectReference: {fileID: 0}
    - target: {fileID: 406332, guid: 396484bf640bfef4684489c0af863034, type: 2}
      propertyPath: m_LocalRotation.z
      value: 0
      objectReference: {fileID: 0}
    - target: {fileID: 406332, guid: 396484bf640bfef4684489c0af863034, type: 2}
      propertyPath: m_LocalRotation.w
      value: -1.62920685e-07
      objectReference: {fileID: 0}
    - target: {fileID: 406332, guid: 396484bf640bfef4684489c0af863034, type: 2}
      propertyPath: m_RootOrder
      value: 6
      objectReference: {fileID: 0}
    - target: {fileID: 160140, guid: 396484bf640bfef4684489c0af863034, type: 2}
      propertyPath: m_Name
      value: barrier_enclosure (1)
      objectReference: {fileID: 0}
    m_RemovedComponents: []
  m_ParentPrefab: {fileID: 100100000, guid: 396484bf640bfef4684489c0af863034, type: 2}
  m_IsPrefabParent: 0
--- !u!1 &531262939
GameObject:
  m_ObjectHideFlags: 0
  m_PrefabParentObject: {fileID: 0}
  m_PrefabInternal: {fileID: 0}
  serializedVersion: 4
  m_Component:
  - 4: {fileID: 531262940}
  m_Layer: 0
  m_Name: PlayerStartingPoint
  m_TagString: Untagged
  m_Icon: {fileID: 0}
  m_NavMeshLayer: 0
  m_StaticEditorFlags: 0
  m_IsActive: 1
--- !u!4 &531262940
Transform:
  m_ObjectHideFlags: 0
  m_PrefabParentObject: {fileID: 0}
  m_PrefabInternal: {fileID: 0}
  m_GameObject: {fileID: 531262939}
  m_LocalRotation: {x: 0, y: 0, z: 0, w: 1}
  m_LocalPosition: {x: -1, y: .5, z: -5}
  m_LocalScale: {x: 1, y: 1, z: 1}
  m_Children: []
  m_Father: {fileID: 1394821428}
  m_RootOrder: 1
--- !u!1 &533566709
GameObject:
  m_ObjectHideFlags: 0
  m_PrefabParentObject: {fileID: 0}
  m_PrefabInternal: {fileID: 0}
  serializedVersion: 4
  m_Component:
  - 4: {fileID: 533566710}
  m_Layer: 0
  m_Name: mobile_platform_2
  m_TagString: Untagged
  m_Icon: {fileID: 0}
  m_NavMeshLayer: 0
  m_StaticEditorFlags: 0
  m_IsActive: 1
--- !u!4 &533566710
Transform:
  m_ObjectHideFlags: 0
  m_PrefabParentObject: {fileID: 0}
  m_PrefabInternal: {fileID: 0}
  m_GameObject: {fileID: 533566709}
  m_LocalRotation: {x: 0, y: 1, z: 0, w: -1.62920685e-07}
  m_LocalPosition: {x: -2, y: 0, z: -2}
  m_LocalScale: {x: 1, y: 1, z: 1}
  m_Children:
  - {fileID: 1644127940}
  - {fileID: 949129500}
  - {fileID: 1561611051}
  m_Father: {fileID: 1394821428}
  m_RootOrder: 5
--- !u!4 &678406966 stripped
Transform:
  m_PrefabParentObject: {fileID: 453816, guid: 44f96649c4a651547938c746993465d5, type: 2}
  m_PrefabInternal: {fileID: 1576184867}
--- !u!1001 &754465328
Prefab:
  m_ObjectHideFlags: 0
  serializedVersion: 2
  m_Modification:
    m_TransformParent: {fileID: 865743165}
    m_Modifications:
    - target: {fileID: 462196, guid: a07ed726e12d43c41b9c38719f1e8684, type: 2}
      propertyPath: m_LocalPosition.x
      value: -1
      objectReference: {fileID: 0}
    - target: {fileID: 462196, guid: a07ed726e12d43c41b9c38719f1e8684, type: 2}
      propertyPath: m_LocalPosition.y
      value: 0
      objectReference: {fileID: 0}
    - target: {fileID: 462196, guid: a07ed726e12d43c41b9c38719f1e8684, type: 2}
      propertyPath: m_LocalPosition.z
      value: 5
      objectReference: {fileID: 0}
    - target: {fileID: 462196, guid: a07ed726e12d43c41b9c38719f1e8684, type: 2}
      propertyPath: m_LocalRotation.x
      value: 0
      objectReference: {fileID: 0}
    - target: {fileID: 462196, guid: a07ed726e12d43c41b9c38719f1e8684, type: 2}
      propertyPath: m_LocalRotation.y
      value: 0
      objectReference: {fileID: 0}
    - target: {fileID: 462196, guid: a07ed726e12d43c41b9c38719f1e8684, type: 2}
      propertyPath: m_LocalRotation.z
      value: 0
      objectReference: {fileID: 0}
    - target: {fileID: 462196, guid: a07ed726e12d43c41b9c38719f1e8684, type: 2}
      propertyPath: m_LocalRotation.w
      value: 1
      objectReference: {fileID: 0}
    - target: {fileID: 462196, guid: a07ed726e12d43c41b9c38719f1e8684, type: 2}
      propertyPath: m_RootOrder
      value: 0
      objectReference: {fileID: 0}
    - target: {fileID: 11427424, guid: a07ed726e12d43c41b9c38719f1e8684, type: 2}
      propertyPath: onSwitchActivatedCommands.Array.data[0]
      value: 
      objectReference: {fileID: 1588612306}
    m_RemovedComponents: []
  m_ParentPrefab: {fileID: 100100000, guid: a07ed726e12d43c41b9c38719f1e8684, type: 2}
  m_IsPrefabParent: 0
--- !u!1001 &850483458
Prefab:
  m_ObjectHideFlags: 0
  serializedVersion: 2
  m_Modification:
    m_TransformParent: {fileID: 1394821428}
    m_Modifications:
    - target: {fileID: 441168, guid: 13b16caa17784a94cb090183b8cfbd69, type: 2}
      propertyPath: m_LocalPosition.x
      value: -1
      objectReference: {fileID: 0}
    - target: {fileID: 441168, guid: 13b16caa17784a94cb090183b8cfbd69, type: 2}
      propertyPath: m_LocalPosition.y
      value: 0
      objectReference: {fileID: 0}
    - target: {fileID: 441168, guid: 13b16caa17784a94cb090183b8cfbd69, type: 2}
      propertyPath: m_LocalPosition.z
      value: 3
      objectReference: {fileID: 0}
    - target: {fileID: 441168, guid: 13b16caa17784a94cb090183b8cfbd69, type: 2}
      propertyPath: m_LocalRotation.x
      value: 0
      objectReference: {fileID: 0}
    - target: {fileID: 441168, guid: 13b16caa17784a94cb090183b8cfbd69, type: 2}
      propertyPath: m_LocalRotation.y
      value: 0
      objectReference: {fileID: 0}
    - target: {fileID: 441168, guid: 13b16caa17784a94cb090183b8cfbd69, type: 2}
      propertyPath: m_LocalRotation.z
      value: 0
      objectReference: {fileID: 0}
    - target: {fileID: 441168, guid: 13b16caa17784a94cb090183b8cfbd69, type: 2}
      propertyPath: m_LocalRotation.w
      value: 1
      objectReference: {fileID: 0}
    - target: {fileID: 441168, guid: 13b16caa17784a94cb090183b8cfbd69, type: 2}
      propertyPath: m_RootOrder
      value: 3
      objectReference: {fileID: 0}
    m_RemovedComponents: []
  m_ParentPrefab: {fileID: 100100000, guid: 13b16caa17784a94cb090183b8cfbd69, type: 2}
  m_IsPrefabParent: 0
--- !u!1 &865743164
GameObject:
  m_ObjectHideFlags: 0
  m_PrefabParentObject: {fileID: 0}
  m_PrefabInternal: {fileID: 0}
  serializedVersion: 4
  m_Component:
  - 4: {fileID: 865743165}
  m_Layer: 0
  m_Name: main_platform
  m_TagString: Untagged
  m_Icon: {fileID: 0}
  m_NavMeshLayer: 0
  m_StaticEditorFlags: 0
  m_IsActive: 1
--- !u!4 &865743165
Transform:
  m_ObjectHideFlags: 0
  m_PrefabParentObject: {fileID: 0}
  m_PrefabInternal: {fileID: 0}
  m_GameObject: {fileID: 865743164}
  m_LocalRotation: {x: 0, y: 0, z: 0, w: 1}
  m_LocalPosition: {x: 0, y: 0, z: 0}
  m_LocalScale: {x: 1, y: 1, z: 1}
  m_Children:
  - {fileID: 1588302476}
  - {fileID: 1817059327}
  - {fileID: 1147163415}
  - {fileID: 1008806005}
  m_Father: {fileID: 1394821428}
  m_RootOrder: 2
--- !u!1 &949129499
GameObject:
  m_ObjectHideFlags: 0
  m_PrefabParentObject: {fileID: 0}
  m_PrefabInternal: {fileID: 0}
  serializedVersion: 4
  m_Component:
  - 4: {fileID: 949129500}
  m_Layer: 0
  m_Name: waypoint
  m_TagString: Untagged
  m_Icon: {fileID: 0}
  m_NavMeshLayer: 0
  m_StaticEditorFlags: 0
  m_IsActive: 1
--- !u!4 &949129500
Transform:
  m_ObjectHideFlags: 0
  m_PrefabParentObject: {fileID: 0}
  m_PrefabInternal: {fileID: 0}
  m_GameObject: {fileID: 949129499}
  m_LocalRotation: {x: 0, y: 0, z: 0, w: 1}
  m_LocalPosition: {x: -1, y: 0, z: -1}
  m_LocalScale: {x: 1, y: 1, z: 1}
  m_Children: []
  m_Father: {fileID: 533566710}
  m_RootOrder: 1
--- !u!4 &985571125 stripped
Transform:
  m_PrefabParentObject: {fileID: 491412, guid: 199333386e2f6b041888670db8edc1f8, type: 2}
  m_PrefabInternal: {fileID: 1917440501}
--- !u!1001 &1003385723
Prefab:
  m_ObjectHideFlags: 0
  serializedVersion: 2
  m_Modification:
    m_TransformParent: {fileID: 0}
    m_Modifications:
    - target: {fileID: 479050, guid: 9ecae58d9fce384429b1d688565a897a, type: 2}
      propertyPath: m_LocalPosition.x
      value: 0
      objectReference: {fileID: 0}
    - target: {fileID: 479050, guid: 9ecae58d9fce384429b1d688565a897a, type: 2}
      propertyPath: m_LocalPosition.y
      value: 0
      objectReference: {fileID: 0}
    - target: {fileID: 479050, guid: 9ecae58d9fce384429b1d688565a897a, type: 2}
      propertyPath: m_LocalPosition.z
      value: 0
      objectReference: {fileID: 0}
    - target: {fileID: 479050, guid: 9ecae58d9fce384429b1d688565a897a, type: 2}
      propertyPath: m_LocalRotation.x
      value: 0
      objectReference: {fileID: 0}
    - target: {fileID: 479050, guid: 9ecae58d9fce384429b1d688565a897a, type: 2}
      propertyPath: m_LocalRotation.y
      value: 0
      objectReference: {fileID: 0}
    - target: {fileID: 479050, guid: 9ecae58d9fce384429b1d688565a897a, type: 2}
      propertyPath: m_LocalRotation.z
      value: 0
      objectReference: {fileID: 0}
    - target: {fileID: 479050, guid: 9ecae58d9fce384429b1d688565a897a, type: 2}
      propertyPath: m_LocalRotation.w
      value: 1
      objectReference: {fileID: 0}
    - target: {fileID: 479050, guid: 9ecae58d9fce384429b1d688565a897a, type: 2}
      propertyPath: m_RootOrder
      value: 3
      objectReference: {fileID: 0}
    - target: {fileID: 11446692, guid: 9ecae58d9fce384429b1d688565a897a, type: 2}
      propertyPath: levelName
      value: 4
      objectReference: {fileID: 0}
    - target: {fileID: 11446692, guid: 9ecae58d9fce384429b1d688565a897a, type: 2}
      propertyPath: nextLevelSceneName
      value: 
      objectReference: {fileID: 0}
    - target: {fileID: 11438788, guid: 9ecae58d9fce384429b1d688565a897a, type: 2}
      propertyPath: levelRoot
      value: 
      objectReference: {fileID: 1577000620}
    - target: {fileID: 11438788, guid: 9ecae58d9fce384429b1d688565a897a, type: 2}
      propertyPath: playerStartingPosition
      value: 
      objectReference: {fileID: 531262940}
    - target: {fileID: 11447508, guid: 9ecae58d9fce384429b1d688565a897a, type: 2}
      propertyPath: gameLevelMetadata
      value: 
      objectReference: {fileID: 1897263168}
    m_RemovedComponents: []
  m_ParentPrefab: {fileID: 100100000, guid: 9ecae58d9fce384429b1d688565a897a, type: 2}
  m_IsPrefabParent: 0
--- !u!1001 &1008806004
Prefab:
  m_ObjectHideFlags: 0
  serializedVersion: 2
  m_Modification:
    m_TransformParent: {fileID: 865743165}
    m_Modifications:
    - target: {fileID: 453816, guid: 44f96649c4a651547938c746993465d5, type: 2}
      propertyPath: m_LocalPosition.x
      value: -1
      objectReference: {fileID: 0}
    - target: {fileID: 453816, guid: 44f96649c4a651547938c746993465d5, type: 2}
      propertyPath: m_LocalPosition.y
      value: 0
      objectReference: {fileID: 0}
    - target: {fileID: 453816, guid: 44f96649c4a651547938c746993465d5, type: 2}
      propertyPath: m_LocalPosition.z
      value: -3
      objectReference: {fileID: 0}
    - target: {fileID: 453816, guid: 44f96649c4a651547938c746993465d5, type: 2}
      propertyPath: m_LocalRotation.x
      value: 0
      objectReference: {fileID: 0}
    - target: {fileID: 453816, guid: 44f96649c4a651547938c746993465d5, type: 2}
      propertyPath: m_LocalRotation.y
      value: 0
      objectReference: {fileID: 0}
    - target: {fileID: 453816, guid: 44f96649c4a651547938c746993465d5, type: 2}
      propertyPath: m_LocalRotation.z
      value: 0
      objectReference: {fileID: 0}
    - target: {fileID: 453816, guid: 44f96649c4a651547938c746993465d5, type: 2}
      propertyPath: m_LocalRotation.w
      value: 1
      objectReference: {fileID: 0}
    - target: {fileID: 453816, guid: 44f96649c4a651547938c746993465d5, type: 2}
      propertyPath: m_RootOrder
      value: 3
      objectReference: {fileID: 0}
    - target: {fileID: 137822, guid: 44f96649c4a651547938c746993465d5, type: 2}
      propertyPath: m_Name
      value: flat_block_2_comp (7)
      objectReference: {fileID: 0}
    m_RemovedComponents: []
  m_ParentPrefab: {fileID: 100100000, guid: 44f96649c4a651547938c746993465d5, type: 2}
  m_IsPrefabParent: 0
--- !u!4 &1008806005 stripped
Transform:
  m_PrefabParentObject: {fileID: 453816, guid: 44f96649c4a651547938c746993465d5, type: 2}
  m_PrefabInternal: {fileID: 1008806004}
--- !u!114 &1088636371 stripped
MonoBehaviour:
  m_PrefabParentObject: {fileID: 11470584, guid: 13b16caa17784a94cb090183b8cfbd69,
    type: 2}
  m_PrefabInternal: {fileID: 850483458}
  m_Script: {fileID: 11500000, guid: ef2455592c348e94d80a10bea95a07ae, type: 3}
--- !u!4 &1132695618 stripped
Transform:
  m_PrefabParentObject: {fileID: 441168, guid: 13b16caa17784a94cb090183b8cfbd69, type: 2}
  m_PrefabInternal: {fileID: 850483458}
--- !u!1001 &1146951630
Prefab:
  m_ObjectHideFlags: 0
  serializedVersion: 2
  m_Modification:
    m_TransformParent: {fileID: 678406966}
    m_Modifications:
    - target: {fileID: 440166, guid: 81693fdf76333b34e88c585f4517fe98, type: 2}
      propertyPath: m_LocalPosition.x
      value: 0
      objectReference: {fileID: 0}
    - target: {fileID: 440166, guid: 81693fdf76333b34e88c585f4517fe98, type: 2}
      propertyPath: m_LocalPosition.y
      value: 0
      objectReference: {fileID: 0}
    - target: {fileID: 440166, guid: 81693fdf76333b34e88c585f4517fe98, type: 2}
      propertyPath: m_LocalPosition.z
      value: 0
      objectReference: {fileID: 0}
    - target: {fileID: 440166, guid: 81693fdf76333b34e88c585f4517fe98, type: 2}
      propertyPath: m_LocalRotation.x
      value: 0
      objectReference: {fileID: 0}
    - target: {fileID: 440166, guid: 81693fdf76333b34e88c585f4517fe98, type: 2}
      propertyPath: m_LocalRotation.y
      value: -.707106829
      objectReference: {fileID: 0}
    - target: {fileID: 440166, guid: 81693fdf76333b34e88c585f4517fe98, type: 2}
      propertyPath: m_LocalRotation.z
      value: 0
      objectReference: {fileID: 0}
    - target: {fileID: 440166, guid: 81693fdf76333b34e88c585f4517fe98, type: 2}
      propertyPath: m_LocalRotation.w
      value: .707106709
      objectReference: {fileID: 0}
    - target: {fileID: 440166, guid: 81693fdf76333b34e88c585f4517fe98, type: 2}
      propertyPath: m_RootOrder
      value: 4
      objectReference: {fileID: 0}
    m_RemovedComponents:
    - {fileID: 11413042, guid: 81693fdf76333b34e88c585f4517fe98, type: 2}
  m_ParentPrefab: {fileID: 100100000, guid: 81693fdf76333b34e88c585f4517fe98, type: 2}
  m_IsPrefabParent: 0
--- !u!114 &1146951631 stripped
MonoBehaviour:
  m_PrefabParentObject: {fileID: 11415688, guid: 81693fdf76333b34e88c585f4517fe98,
    type: 2}
  m_PrefabInternal: {fileID: 1146951630}
  m_Script: {fileID: 11500000, guid: a020f9446a1badb4196708c21e593a37, type: 3}
--- !u!1 &1146951632 stripped
GameObject:
  m_PrefabParentObject: {fileID: 135804, guid: 81693fdf76333b34e88c585f4517fe98, type: 2}
  m_PrefabInternal: {fileID: 1146951630}
--- !u!114 &1146951633
MonoBehaviour:
  m_ObjectHideFlags: 0
  m_PrefabParentObject: {fileID: 0}
  m_PrefabInternal: {fileID: 0}
  m_GameObject: {fileID: 1146951632}
  m_Enabled: 1
  m_EditorHideFlags: 0
  m_Script: {fileID: 11500000, guid: e0d08b018d0a03d40835cc1ff54c899e, type: 3}
  m_Name: 
  m_EditorClassIdentifier: 
  switchComponent: {fileID: 1146951631}
  onSwitchActivatedCommands:
  - {fileID: 2076356468}
  onSwitchDeactivatedCommands:
  - {fileID: 1088636371}
--- !u!1001 &1147163414
Prefab:
  m_ObjectHideFlags: 0
  serializedVersion: 2
  m_Modification:
    m_TransformParent: {fileID: 865743165}
    m_Modifications:
    - target: {fileID: 453816, guid: 44f96649c4a651547938c746993465d5, type: 2}
      propertyPath: m_LocalPosition.x
      value: -1
      objectReference: {fileID: 0}
    - target: {fileID: 453816, guid: 44f96649c4a651547938c746993465d5, type: 2}
      propertyPath: m_LocalPosition.y
      value: 0
      objectReference: {fileID: 0}
    - target: {fileID: 453816, guid: 44f96649c4a651547938c746993465d5, type: 2}
      propertyPath: m_LocalPosition.z
      value: -5
      objectReference: {fileID: 0}
    - target: {fileID: 453816, guid: 44f96649c4a651547938c746993465d5, type: 2}
      propertyPath: m_LocalRotation.x
      value: 0
      objectReference: {fileID: 0}
    - target: {fileID: 453816, guid: 44f96649c4a651547938c746993465d5, type: 2}
      propertyPath: m_LocalRotation.y
      value: 0
      objectReference: {fileID: 0}
    - target: {fileID: 453816, guid: 44f96649c4a651547938c746993465d5, type: 2}
      propertyPath: m_LocalRotation.z
      value: 0
      objectReference: {fileID: 0}
    - target: {fileID: 453816, guid: 44f96649c4a651547938c746993465d5, type: 2}
      propertyPath: m_LocalRotation.w
      value: 1
      objectReference: {fileID: 0}
    - target: {fileID: 453816, guid: 44f96649c4a651547938c746993465d5, type: 2}
      propertyPath: m_RootOrder
      value: 3
      objectReference: {fileID: 0}
    - target: {fileID: 137822, guid: 44f96649c4a651547938c746993465d5, type: 2}
      propertyPath: m_Name
      value: flat_block_2_comp (8)
      objectReference: {fileID: 0}
    m_RemovedComponents: []
  m_ParentPrefab: {fileID: 100100000, guid: 44f96649c4a651547938c746993465d5, type: 2}
  m_IsPrefabParent: 0
--- !u!4 &1147163415 stripped
Transform:
  m_PrefabParentObject: {fileID: 453816, guid: 44f96649c4a651547938c746993465d5, type: 2}
  m_PrefabInternal: {fileID: 1147163414}
--- !u!1001 &1274348915
Prefab:
  m_ObjectHideFlags: 0
  serializedVersion: 2
  m_Modification:
    m_TransformParent: {fileID: 1394821428}
    m_Modifications:
    - target: {fileID: 491412, guid: 199333386e2f6b041888670db8edc1f8, type: 2}
      propertyPath: m_LocalPosition.x
      value: -1
      objectReference: {fileID: 0}
    - target: {fileID: 491412, guid: 199333386e2f6b041888670db8edc1f8, type: 2}
      propertyPath: m_LocalPosition.y
      value: 0
      objectReference: {fileID: 0}
    - target: {fileID: 491412, guid: 199333386e2f6b041888670db8edc1f8, type: 2}
      propertyPath: m_LocalPosition.z
      value: 4
      objectReference: {fileID: 0}
    - target: {fileID: 491412, guid: 199333386e2f6b041888670db8edc1f8, type: 2}
      propertyPath: m_LocalRotation.x
      value: 0
      objectReference: {fileID: 0}
    - target: {fileID: 491412, guid: 199333386e2f6b041888670db8edc1f8, type: 2}
      propertyPath: m_LocalRotation.y
      value: 0
      objectReference: {fileID: 0}
    - target: {fileID: 491412, guid: 199333386e2f6b041888670db8edc1f8, type: 2}
      propertyPath: m_LocalRotation.z
      value: 0
      objectReference: {fileID: 0}
    - target: {fileID: 491412, guid: 199333386e2f6b041888670db8edc1f8, type: 2}
      propertyPath: m_LocalRotation.w
      value: 1
      objectReference: {fileID: 0}
    - target: {fileID: 491412, guid: 199333386e2f6b041888670db8edc1f8, type: 2}
      propertyPath: m_RootOrder
      value: 9
      objectReference: {fileID: 0}
    - target: {fileID: 11479162, guid: 199333386e2f6b041888670db8edc1f8, type: 2}
      propertyPath: startOpen
      value: 1
      objectReference: {fileID: 0}
    m_RemovedComponents: []
  m_ParentPrefab: {fileID: 100100000, guid: 199333386e2f6b041888670db8edc1f8, type: 2}
  m_IsPrefabParent: 0
--- !u!114 &1274348916 stripped
MonoBehaviour:
  m_PrefabParentObject: {fileID: 11475186, guid: 199333386e2f6b041888670db8edc1f8,
    type: 2}
  m_PrefabInternal: {fileID: 1274348915}
  m_Script: {fileID: 11500000, guid: 7477b207f0571a64f88a8408dd5af140, type: 3}
--- !u!114 &1274348917 stripped
MonoBehaviour:
  m_PrefabParentObject: {fileID: 11440108, guid: 199333386e2f6b041888670db8edc1f8,
    type: 2}
  m_PrefabInternal: {fileID: 1274348915}
  m_Script: {fileID: 11500000, guid: 8b68372e2e8a09d46825aee604bbd7ab, type: 3}
--- !u!1 &1351256661
GameObject:
  m_ObjectHideFlags: 0
  m_PrefabParentObject: {fileID: 0}
  m_PrefabInternal: {fileID: 0}
  serializedVersion: 4
  m_Component:
  - 4: {fileID: 1351256662}
  - 65: {fileID: 1351256664}
  - 114: {fileID: 1351256663}
  m_Layer: 0
  m_Name: death_trigger_top
  m_TagString: Untagged
  m_Icon: {fileID: 0}
  m_NavMeshLayer: 0
  m_StaticEditorFlags: 0
  m_IsActive: 1
--- !u!4 &1351256662
Transform:
  m_ObjectHideFlags: 0
  m_PrefabParentObject: {fileID: 0}
  m_PrefabInternal: {fileID: 0}
  m_GameObject: {fileID: 1351256661}
  m_LocalRotation: {x: 0, y: 0, z: 0, w: 1}
  m_LocalPosition: {x: 0, y: 5, z: 0}
  m_LocalScale: {x: 1, y: 1, z: 1}
  m_Children: []
  m_Father: {fileID: 222019602}
  m_RootOrder: 1
--- !u!114 &1351256663
MonoBehaviour:
  m_ObjectHideFlags: 0
  m_PrefabParentObject: {fileID: 0}
  m_PrefabInternal: {fileID: 0}
  m_GameObject: {fileID: 1351256661}
  m_Enabled: 1
  m_EditorHideFlags: 0
  m_Script: {fileID: 11500000, guid: 841ea95f5d2521440978a799df5e970a, type: 3}
  m_Name: 
  m_EditorClassIdentifier: 
--- !u!65 &1351256664
BoxCollider:
  m_ObjectHideFlags: 0
  m_PrefabParentObject: {fileID: 0}
  m_PrefabInternal: {fileID: 0}
  m_GameObject: {fileID: 1351256661}
  m_Material: {fileID: 0}
  m_IsTrigger: 1
  m_Enabled: 1
  serializedVersion: 2
  m_Size: {x: 100, y: 1, z: 100}
  m_Center: {x: 0, y: 0, z: 0}
--- !u!4 &1394821428
Transform:
  m_ObjectHideFlags: 0
  m_PrefabParentObject: {fileID: 404680, guid: 9ecae58d9fce384429b1d688565a897a, type: 2}
  m_PrefabInternal: {fileID: 0}
  m_GameObject: {fileID: 1577000619}
  m_LocalRotation: {x: 0, y: 0, z: 0, w: 1}
  m_LocalPosition: {x: 0, y: 0, z: 0}
  m_LocalScale: {x: 1, y: 1, z: 1}
  m_Children:
  - {fileID: 222019602}
  - {fileID: 531262940}
  - {fileID: 865743165}
  - {fileID: 1132695618}
  - {fileID: 1696051772}
  - {fileID: 533566710}
  - {fileID: 678406966}
  - {fileID: 84122287}
  - {fileID: 985571125}
  - {fileID: 1686249335}
  m_Father: {fileID: 0}
  m_RootOrder: 0
--- !u!1001 &1482879645
Prefab:
  m_ObjectHideFlags: 0
  serializedVersion: 2
  m_Modification:
    m_TransformParent: {fileID: 1394821428}
    m_Modifications:
    - target: {fileID: 453816, guid: 44f96649c4a651547938c746993465d5, type: 2}
      propertyPath: m_LocalPosition.x
      value: 5
      objectReference: {fileID: 0}
    - target: {fileID: 453816, guid: 44f96649c4a651547938c746993465d5, type: 2}
      propertyPath: m_LocalPosition.y
      value: 0
      objectReference: {fileID: 0}
    - target: {fileID: 453816, guid: 44f96649c4a651547938c746993465d5, type: 2}
      propertyPath: m_LocalPosition.z
      value: -1
      objectReference: {fileID: 0}
    - target: {fileID: 453816, guid: 44f96649c4a651547938c746993465d5, type: 2}
      propertyPath: m_LocalRotation.x
      value: 0
      objectReference: {fileID: 0}
    - target: {fileID: 453816, guid: 44f96649c4a651547938c746993465d5, type: 2}
      propertyPath: m_LocalRotation.y
      value: 0
      objectReference: {fileID: 0}
    - target: {fileID: 453816, guid: 44f96649c4a651547938c746993465d5, type: 2}
      propertyPath: m_LocalRotation.z
      value: 0
      objectReference: {fileID: 0}
    - target: {fileID: 453816, guid: 44f96649c4a651547938c746993465d5, type: 2}
      propertyPath: m_LocalRotation.w
      value: 1
      objectReference: {fileID: 0}
    - target: {fileID: 453816, guid: 44f96649c4a651547938c746993465d5, type: 2}
      propertyPath: m_RootOrder
      value: 7
      objectReference: {fileID: 0}
    - target: {fileID: 137822, guid: 44f96649c4a651547938c746993465d5, type: 2}
      propertyPath: m_Name
      value: flat_block_2_comp (1)
      objectReference: {fileID: 0}
    m_RemovedComponents: []
  m_ParentPrefab: {fileID: 100100000, guid: 44f96649c4a651547938c746993465d5, type: 2}
  m_IsPrefabParent: 0
--- !u!1 &1483877361 stripped
GameObject:
  m_PrefabParentObject: {fileID: 137822, guid: 44f96649c4a651547938c746993465d5, type: 2}
  m_PrefabInternal: {fileID: 1683736150}
--- !u!4 &1483877362 stripped
Transform:
  m_PrefabParentObject: {fileID: 453816, guid: 44f96649c4a651547938c746993465d5, type: 2}
  m_PrefabInternal: {fileID: 1683736150}
--- !u!114 &1483877363
MonoBehaviour:
  m_ObjectHideFlags: 0
  m_PrefabParentObject: {fileID: 0}
  m_PrefabInternal: {fileID: 0}
  m_GameObject: {fileID: 1483877361}
  m_Enabled: 1
  m_EditorHideFlags: 0
  m_Script: {fileID: 11500000, guid: 7d25dbb4ac96cfc4eb320bfc53c049f8, type: 3}
  m_Name: 
  m_EditorClassIdentifier: 
  waypoints:
  - {fileID: 1909436019}
  - {fileID: 103227345}
  startingWaypointIndex: 0
  displacementSpeed: 1.25
  rotationSpeed: 45
  scalingSpeed: 1
  movementType: 1
  useDisplacement: 1
  useRotation: 0
  useScaling: 0
  isInMotion: 1
--- !u!54 &1483877364
Rigidbody:
  m_ObjectHideFlags: 0
  m_PrefabParentObject: {fileID: 0}
  m_PrefabInternal: {fileID: 0}
  m_GameObject: {fileID: 1483877361}
  serializedVersion: 2
  m_Mass: 50
  m_Drag: 0
  m_AngularDrag: .0500000007
  m_UseGravity: 0
  m_IsKinematic: 1
  m_Interpolate: 0
  m_Constraints: 0
  m_CollisionDetection: 0
--- !u!1 &1561611050
GameObject:
  m_ObjectHideFlags: 0
  m_PrefabParentObject: {fileID: 0}
  m_PrefabInternal: {fileID: 0}
  serializedVersion: 4
  m_Component:
  - 4: {fileID: 1561611051}
  m_Layer: 0
  m_Name: waypoint (1)
  m_TagString: Untagged
  m_Icon: {fileID: 0}
  m_NavMeshLayer: 0
  m_StaticEditorFlags: 0
  m_IsActive: 1
--- !u!4 &1561611051
Transform:
  m_ObjectHideFlags: 0
  m_PrefabParentObject: {fileID: 0}
  m_PrefabInternal: {fileID: 0}
  m_GameObject: {fileID: 1561611050}
  m_LocalRotation: {x: 0, y: 0, z: 0, w: 1}
  m_LocalPosition: {x: -5, y: 0, z: -1}
  m_LocalScale: {x: 1, y: 1, z: 1}
  m_Children: []
  m_Father: {fileID: 533566710}
  m_RootOrder: 2
--- !u!1001 &1576184867
Prefab:
  m_ObjectHideFlags: 0
  serializedVersion: 2
  m_Modification:
    m_TransformParent: {fileID: 1394821428}
    m_Modifications:
    - target: {fileID: 453816, guid: 44f96649c4a651547938c746993465d5, type: 2}
      propertyPath: m_LocalPosition.x
      value: -7
      objectReference: {fileID: 0}
    - target: {fileID: 453816, guid: 44f96649c4a651547938c746993465d5, type: 2}
      propertyPath: m_LocalPosition.y
      value: 0
      objectReference: {fileID: 0}
    - target: {fileID: 453816, guid: 44f96649c4a651547938c746993465d5, type: 2}
      propertyPath: m_LocalPosition.z
      value: 1
      objectReference: {fileID: 0}
    - target: {fileID: 453816, guid: 44f96649c4a651547938c746993465d5, type: 2}
      propertyPath: m_LocalRotation.x
      value: 0
      objectReference: {fileID: 0}
    - target: {fileID: 453816, guid: 44f96649c4a651547938c746993465d5, type: 2}
      propertyPath: m_LocalRotation.y
      value: 0
      objectReference: {fileID: 0}
    - target: {fileID: 453816, guid: 44f96649c4a651547938c746993465d5, type: 2}
      propertyPath: m_LocalRotation.z
      value: 0
      objectReference: {fileID: 0}
    - target: {fileID: 453816, guid: 44f96649c4a651547938c746993465d5, type: 2}
      propertyPath: m_LocalRotation.w
      value: 1
      objectReference: {fileID: 0}
    - target: {fileID: 453816, guid: 44f96649c4a651547938c746993465d5, type: 2}
      propertyPath: m_RootOrder
      value: 6
      objectReference: {fileID: 0}
    m_RemovedComponents: []
  m_ParentPrefab: {fileID: 100100000, guid: 44f96649c4a651547938c746993465d5, type: 2}
  m_IsPrefabParent: 0
--- !u!1 &1577000619
GameObject:
  m_ObjectHideFlags: 0
  m_PrefabParentObject: {fileID: 120140, guid: 9ecae58d9fce384429b1d688565a897a, type: 2}
  m_PrefabInternal: {fileID: 0}
  serializedVersion: 4
  m_Component:
  - 4: {fileID: 1394821428}
  - 114: {fileID: 1577000620}
  m_Layer: 0
  m_Name: ContentRoot
  m_TagString: Untagged
  m_Icon: {fileID: 0}
  m_NavMeshLayer: 0
  m_StaticEditorFlags: 0
  m_IsActive: 1
--- !u!114 &1577000620
MonoBehaviour:
  m_ObjectHideFlags: 0
  m_PrefabParentObject: {fileID: 11489158, guid: 9ecae58d9fce384429b1d688565a897a,
    type: 2}
  m_PrefabInternal: {fileID: 0}
  m_GameObject: {fileID: 1577000619}
  m_Enabled: 1
  m_EditorHideFlags: 0
  m_Script: {fileID: 11500000, guid: 5d887270ab87f2a498c399afff9a0a3f, type: 3}
  m_Name: 
  m_EditorClassIdentifier: 
--- !u!4 &1588302476 stripped
Transform:
  m_PrefabParentObject: {fileID: 462196, guid: a07ed726e12d43c41b9c38719f1e8684, type: 2}
  m_PrefabInternal: {fileID: 754465328}
--- !u!114 &1588612306 stripped
MonoBehaviour:
  m_PrefabParentObject: {fileID: 11457780, guid: 9ecae58d9fce384429b1d688565a897a,
    type: 2}
  m_PrefabInternal: {fileID: 1003385723}
  m_Script: {fileID: 11500000, guid: cc945eff9b8b7fa4eb18ecf8a744eeb7, type: 3}
--- !u!1 &1589771339
GameObject:
  m_ObjectHideFlags: 0
  m_PrefabParentObject: {fileID: 0}
  m_PrefabInternal: {fileID: 0}
  serializedVersion: 4
  m_Component:
  - 4: {fileID: 1589771340}
  - 65: {fileID: 1589771342}
  - 114: {fileID: 1589771341}
  m_Layer: 0
  m_Name: death_trigger_bottom
  m_TagString: Untagged
  m_Icon: {fileID: 0}
  m_NavMeshLayer: 0
  m_StaticEditorFlags: 0
  m_IsActive: 1
--- !u!4 &1589771340
Transform:
  m_ObjectHideFlags: 0
  m_PrefabParentObject: {fileID: 0}
  m_PrefabInternal: {fileID: 0}
  m_GameObject: {fileID: 1589771339}
  m_LocalRotation: {x: 0, y: 0, z: 0, w: 1}
  m_LocalPosition: {x: 0, y: -1, z: 0}
  m_LocalScale: {x: 1, y: 1, z: 1}
  m_Children: []
  m_Father: {fileID: 222019602}
  m_RootOrder: 0
--- !u!114 &1589771341
MonoBehaviour:
  m_ObjectHideFlags: 0
  m_PrefabParentObject: {fileID: 0}
  m_PrefabInternal: {fileID: 0}
  m_GameObject: {fileID: 1589771339}
  m_Enabled: 1
  m_EditorHideFlags: 0
  m_Script: {fileID: 11500000, guid: 841ea95f5d2521440978a799df5e970a, type: 3}
  m_Name: 
  m_EditorClassIdentifier: 
--- !u!65 &1589771342
BoxCollider:
  m_ObjectHideFlags: 0
  m_PrefabParentObject: {fileID: 0}
  m_PrefabInternal: {fileID: 0}
  m_GameObject: {fileID: 1589771339}
  m_Material: {fileID: 0}
  m_IsTrigger: 1
  m_Enabled: 1
  serializedVersion: 2
  m_Size: {x: 100, y: 1, z: 100}
  m_Center: {x: 0, y: 0, z: 0}
--- !u!1001 &1644127939
Prefab:
  m_ObjectHideFlags: 0
  serializedVersion: 2
  m_Modification:
    m_TransformParent: {fileID: 533566710}
    m_Modifications:
    - target: {fileID: 453816, guid: 44f96649c4a651547938c746993465d5, type: 2}
      propertyPath: m_LocalPosition.x
      value: -1
      objectReference: {fileID: 0}
    - target: {fileID: 453816, guid: 44f96649c4a651547938c746993465d5, type: 2}
      propertyPath: m_LocalPosition.y
      value: 0
      objectReference: {fileID: 0}
    - target: {fileID: 453816, guid: 44f96649c4a651547938c746993465d5, type: 2}
      propertyPath: m_LocalPosition.z
      value: -1
      objectReference: {fileID: 0}
    - target: {fileID: 453816, guid: 44f96649c4a651547938c746993465d5, type: 2}
      propertyPath: m_LocalRotation.x
      value: 0
      objectReference: {fileID: 0}
    - target: {fileID: 453816, guid: 44f96649c4a651547938c746993465d5, type: 2}
      propertyPath: m_LocalRotation.y
      value: 0
      objectReference: {fileID: 0}
    - target: {fileID: 453816, guid: 44f96649c4a651547938c746993465d5, type: 2}
      propertyPath: m_LocalRotation.z
      value: 0
      objectReference: {fileID: 0}
    - target: {fileID: 453816, guid: 44f96649c4a651547938c746993465d5, type: 2}
      propertyPath: m_LocalRotation.w
      value: 1
      objectReference: {fileID: 0}
    - target: {fileID: 453816, guid: 44f96649c4a651547938c746993465d5, type: 2}
      propertyPath: m_RootOrder
      value: 0
      objectReference: {fileID: 0}
    - target: {fileID: 137822, guid: 44f96649c4a651547938c746993465d5, type: 2}
      propertyPath: m_Name
      value: flat_block_2_comp (4)
      objectReference: {fileID: 0}
    m_RemovedComponents: []
  m_ParentPrefab: {fileID: 100100000, guid: 44f96649c4a651547938c746993465d5, type: 2}
  m_IsPrefabParent: 0
--- !u!4 &1644127940 stripped
Transform:
  m_PrefabParentObject: {fileID: 453816, guid: 44f96649c4a651547938c746993465d5, type: 2}
  m_PrefabInternal: {fileID: 1644127939}
--- !u!1 &1644127941 stripped
GameObject:
  m_PrefabParentObject: {fileID: 137822, guid: 44f96649c4a651547938c746993465d5, type: 2}
  m_PrefabInternal: {fileID: 1644127939}
--- !u!114 &1644127942
MonoBehaviour:
  m_ObjectHideFlags: 0
  m_PrefabParentObject: {fileID: 0}
  m_PrefabInternal: {fileID: 0}
  m_GameObject: {fileID: 1644127941}
  m_Enabled: 1
  m_EditorHideFlags: 0
  m_Script: {fileID: 11500000, guid: 7d25dbb4ac96cfc4eb320bfc53c049f8, type: 3}
  m_Name: 
  m_EditorClassIdentifier: 
  waypoints:
  - {fileID: 949129500}
  - {fileID: 1561611051}
  startingWaypointIndex: 0
  displacementSpeed: 1.25
  rotationSpeed: 45
  scalingSpeed: 1
  movementType: 1
  useDisplacement: 1
  useRotation: 0
  useScaling: 0
  isInMotion: 1
--- !u!54 &1644127943
Rigidbody:
  m_ObjectHideFlags: 0
  m_PrefabParentObject: {fileID: 0}
  m_PrefabInternal: {fileID: 0}
  m_GameObject: {fileID: 1644127941}
  serializedVersion: 2
  m_Mass: 50
  m_Drag: 0
  m_AngularDrag: .0500000007
  m_UseGravity: 0
  m_IsKinematic: 1
  m_Interpolate: 0
  m_Constraints: 0
  m_CollisionDetection: 0
--- !u!1001 &1683736150
Prefab:
  m_ObjectHideFlags: 0
  serializedVersion: 2
  m_Modification:
    m_TransformParent: {fileID: 1696051772}
    m_Modifications:
    - target: {fileID: 453816, guid: 44f96649c4a651547938c746993465d5, type: 2}
      propertyPath: m_LocalPosition.x
      value: -1
      objectReference: {fileID: 0}
    - target: {fileID: 453816, guid: 44f96649c4a651547938c746993465d5, type: 2}
      propertyPath: m_LocalPosition.y
      value: 0
      objectReference: {fileID: 0}
    - target: {fileID: 453816, guid: 44f96649c4a651547938c746993465d5, type: 2}
      propertyPath: m_LocalPosition.z
      value: -1
      objectReference: {fileID: 0}
    - target: {fileID: 453816, guid: 44f96649c4a651547938c746993465d5, type: 2}
      propertyPath: m_LocalRotation.x
      value: 0
      objectReference: {fileID: 0}
    - target: {fileID: 453816, guid: 44f96649c4a651547938c746993465d5, type: 2}
      propertyPath: m_LocalRotation.y
      value: 0
      objectReference: {fileID: 0}
    - target: {fileID: 453816, guid: 44f96649c4a651547938c746993465d5, type: 2}
      propertyPath: m_LocalRotation.z
      value: 0
      objectReference: {fileID: 0}
    - target: {fileID: 453816, guid: 44f96649c4a651547938c746993465d5, type: 2}
      propertyPath: m_LocalRotation.w
      value: 1
      objectReference: {fileID: 0}
    - target: {fileID: 453816, guid: 44f96649c4a651547938c746993465d5, type: 2}
      propertyPath: m_RootOrder
      value: 0
      objectReference: {fileID: 0}
    - target: {fileID: 137822, guid: 44f96649c4a651547938c746993465d5, type: 2}
      propertyPath: m_Name
      value: flat_block_2_comp (4)
      objectReference: {fileID: 0}
    m_RemovedComponents: []
  m_ParentPrefab: {fileID: 100100000, guid: 44f96649c4a651547938c746993465d5, type: 2}
  m_IsPrefabParent: 0
--- !u!4 &1686249335 stripped
Transform:
  m_PrefabParentObject: {fileID: 491412, guid: 199333386e2f6b041888670db8edc1f8, type: 2}
  m_PrefabInternal: {fileID: 1274348915}
--- !u!1 &1696051771
GameObject:
  m_ObjectHideFlags: 0
  m_PrefabParentObject: {fileID: 0}
  m_PrefabInternal: {fileID: 0}
  serializedVersion: 4
  m_Component:
  - 4: {fileID: 1696051772}
  m_Layer: 0
  m_Name: mobile_platform_1
  m_TagString: Untagged
  m_Icon: {fileID: 0}
  m_NavMeshLayer: 0
  m_StaticEditorFlags: 0
  m_IsActive: 1
--- !u!4 &1696051772
Transform:
  m_ObjectHideFlags: 0
  m_PrefabParentObject: {fileID: 0}
  m_PrefabInternal: {fileID: 0}
  m_GameObject: {fileID: 1696051771}
  m_LocalRotation: {x: 0, y: 0, z: 0, w: 1}
  m_LocalPosition: {x: 0, y: 0, z: 2}
  m_LocalScale: {x: 1, y: 1, z: 1}
  m_Children:
  - {fileID: 1483877362}
  - {fileID: 1909436019}
  - {fileID: 103227345}
  m_Father: {fileID: 1394821428}
  m_RootOrder: 4
--- !u!4 &1817059327 stripped
Transform:
  m_PrefabParentObject: {fileID: 453816, guid: 44f96649c4a651547938c746993465d5, type: 2}
  m_PrefabInternal: {fileID: 2011821657}
--- !u!1 &1897263167
GameObject:
  m_ObjectHideFlags: 0
  m_PrefabParentObject: {fileID: 0}
  m_PrefabInternal: {fileID: 0}
  serializedVersion: 4
  m_Component:
  - 4: {fileID: 1897263169}
  - 114: {fileID: 1897263168}
  m_Layer: 0
  m_Name: Metadata
  m_TagString: Untagged
  m_Icon: {fileID: 0}
  m_NavMeshLayer: 0
  m_StaticEditorFlags: 0
  m_IsActive: 1
--- !u!114 &1897263168
MonoBehaviour:
  m_ObjectHideFlags: 0
  m_PrefabParentObject: {fileID: 0}
  m_PrefabInternal: {fileID: 0}
  m_GameObject: {fileID: 1897263167}
  m_Enabled: 1
  m_EditorHideFlags: 0
  m_Script: {fileID: 11500000, guid: e4f6c96d27645994ba3ff8767853dc7f, type: 3}
  m_Name: 
  m_EditorClassIdentifier: 
  levelName: 6
  nextLevelSceneName: 
--- !u!4 &1897263169
Transform:
  m_ObjectHideFlags: 0
  m_PrefabParentObject: {fileID: 0}
  m_PrefabInternal: {fileID: 0}
  m_GameObject: {fileID: 1897263167}
  m_LocalRotation: {x: 0, y: 0, z: 0, w: 1}
  m_LocalPosition: {x: 0, y: 0, z: 0}
  m_LocalScale: {x: 1, y: 1, z: 1}
  m_Children: []
  m_Father: {fileID: 0}
  m_RootOrder: 1
--- !u!1 &1909436018
GameObject:
  m_ObjectHideFlags: 0
  m_PrefabParentObject: {fileID: 0}
  m_PrefabInternal: {fileID: 0}
  serializedVersion: 4
  m_Component:
  - 4: {fileID: 1909436019}
  m_Layer: 0
  m_Name: waypoint
  m_TagString: Untagged
  m_Icon: {fileID: 0}
  m_NavMeshLayer: 0
  m_StaticEditorFlags: 0
  m_IsActive: 1
--- !u!4 &1909436019
Transform:
  m_ObjectHideFlags: 0
  m_PrefabParentObject: {fileID: 0}
  m_PrefabInternal: {fileID: 0}
  m_GameObject: {fileID: 1909436018}
  m_LocalRotation: {x: 0, y: 0, z: 0, w: 1}
  m_LocalPosition: {x: -1, y: 0, z: -1}
  m_LocalScale: {x: 1, y: 1, z: 1}
  m_Children: []
  m_Father: {fileID: 1696051772}
  m_RootOrder: 1
--- !u!1001 &1917440501
Prefab:
  m_ObjectHideFlags: 0
  serializedVersion: 2
  m_Modification:
    m_TransformParent: {fileID: 1394821428}
    m_Modifications:
    - target: {fileID: 491412, guid: 199333386e2f6b041888670db8edc1f8, type: 2}
      propertyPath: m_LocalPosition.x
      value: -6
      objectReference: {fileID: 0}
    - target: {fileID: 491412, guid: 199333386e2f6b041888670db8edc1f8, type: 2}
      propertyPath: m_LocalPosition.y
      value: 0
      objectReference: {fileID: 0}
    - target: {fileID: 491412, guid: 199333386e2f6b041888670db8edc1f8, type: 2}
      propertyPath: m_LocalPosition.z
      value: 1
      objectReference: {fileID: 0}
    - target: {fileID: 491412, guid: 199333386e2f6b041888670db8edc1f8, type: 2}
      propertyPath: m_LocalRotation.x
      value: 0
      objectReference: {fileID: 0}
    - target: {fileID: 491412, guid: 199333386e2f6b041888670db8edc1f8, type: 2}
      propertyPath: m_LocalRotation.y
      value: .707106829
      objectReference: {fileID: 0}
    - target: {fileID: 491412, guid: 199333386e2f6b041888670db8edc1f8, type: 2}
      propertyPath: m_LocalRotation.z
      value: 0
      objectReference: {fileID: 0}
    - target: {fileID: 491412, guid: 199333386e2f6b041888670db8edc1f8, type: 2}
      propertyPath: m_LocalRotation.w
      value: .707106709
      objectReference: {fileID: 0}
    - target: {fileID: 491412, guid: 199333386e2f6b041888670db8edc1f8, type: 2}
      propertyPath: m_RootOrder
      value: 8
      objectReference: {fileID: 0}
    - target: {fileID: 178666, guid: 199333386e2f6b041888670db8edc1f8, type: 2}
      propertyPath: m_Name
      value: trans_vertical_gate_2 (1)
      objectReference: {fileID: 0}
    m_RemovedComponents: []
  m_ParentPrefab: {fileID: 100100000, guid: 199333386e2f6b041888670db8edc1f8, type: 2}
  m_IsPrefabParent: 0
--- !u!114 &1917440502 stripped
MonoBehaviour:
  m_PrefabParentObject: {fileID: 11440108, guid: 199333386e2f6b041888670db8edc1f8,
    type: 2}
  m_PrefabInternal: {fileID: 1917440501}
  m_Script: {fileID: 11500000, guid: 8b68372e2e8a09d46825aee604bbd7ab, type: 3}
--- !u!114 &1917440503 stripped
MonoBehaviour:
  m_PrefabParentObject: {fileID: 11475186, guid: 199333386e2f6b041888670db8edc1f8,
    type: 2}
  m_PrefabInternal: {fileID: 1917440501}
  m_Script: {fileID: 11500000, guid: 7477b207f0571a64f88a8408dd5af140, type: 3}
--- !u!1001 &2011821657
Prefab:
  m_ObjectHideFlags: 0
  serializedVersion: 2
  m_Modification:
    m_TransformParent: {fileID: 865743165}
    m_Modifications:
    - target: {fileID: 453816, guid: 44f96649c4a651547938c746993465d5, type: 2}
      propertyPath: m_LocalPosition.x
      value: -1
      objectReference: {fileID: 0}
    - target: {fileID: 453816, guid: 44f96649c4a651547938c746993465d5, type: 2}
      propertyPath: m_LocalPosition.y
      value: 0
      objectReference: {fileID: 0}
    - target: {fileID: 453816, guid: 44f96649c4a651547938c746993465d5, type: 2}
      propertyPath: m_LocalPosition.z
      value: 5
      objectReference: {fileID: 0}
    - target: {fileID: 453816, guid: 44f96649c4a651547938c746993465d5, type: 2}
      propertyPath: m_LocalRotation.x
      value: 0
      objectReference: {fileID: 0}
    - target: {fileID: 453816, guid: 44f96649c4a651547938c746993465d5, type: 2}
      propertyPath: m_LocalRotation.y
      value: 0
      objectReference: {fileID: 0}
    - target: {fileID: 453816, guid: 44f96649c4a651547938c746993465d5, type: 2}
      propertyPath: m_LocalRotation.z
      value: 0
      objectReference: {fileID: 0}
    - target: {fileID: 453816, guid: 44f96649c4a651547938c746993465d5, type: 2}
      propertyPath: m_LocalRotation.w
      value: 1
      objectReference: {fileID: 0}
    - target: {fileID: 453816, guid: 44f96649c4a651547938c746993465d5, type: 2}
      propertyPath: m_RootOrder
      value: 1
      objectReference: {fileID: 0}
    - target: {fileID: 137822, guid: 44f96649c4a651547938c746993465d5, type: 2}
      propertyPath: m_Name
      value: flat_block_2_comp (1)
      objectReference: {fileID: 0}
    m_RemovedComponents: []
  m_ParentPrefab: {fileID: 100100000, guid: 44f96649c4a651547938c746993465d5, type: 2}
  m_IsPrefabParent: 0
--- !u!1001 &2031449956
Prefab:
  m_ObjectHideFlags: 0
  serializedVersion: 2
  m_Modification:
    m_TransformParent: {fileID: 84122287}
    m_Modifications:
    - target: {fileID: 406332, guid: 396484bf640bfef4684489c0af863034, type: 2}
      propertyPath: m_LocalPosition.x
      value: 0
      objectReference: {fileID: 0}
    - target: {fileID: 406332, guid: 396484bf640bfef4684489c0af863034, type: 2}
      propertyPath: m_LocalPosition.y
      value: 0
      objectReference: {fileID: 0}
    - target: {fileID: 406332, guid: 396484bf640bfef4684489c0af863034, type: 2}
      propertyPath: m_LocalPosition.z
      value: 0
      objectReference: {fileID: 0}
    - target: {fileID: 406332, guid: 396484bf640bfef4684489c0af863034, type: 2}
      propertyPath: m_LocalRotation.x
      value: 0
      objectReference: {fileID: 0}
    - target: {fileID: 406332, guid: 396484bf640bfef4684489c0af863034, type: 2}
      propertyPath: m_LocalRotation.y
      value: 0
      objectReference: {fileID: 0}
    - target: {fileID: 406332, guid: 396484bf640bfef4684489c0af863034, type: 2}
      propertyPath: m_LocalRotation.z
      value: 0
      objectReference: {fileID: 0}
    - target: {fileID: 406332, guid: 396484bf640bfef4684489c0af863034, type: 2}
      propertyPath: m_LocalRotation.w
      value: 1
      objectReference: {fileID: 0}
    - target: {fileID: 406332, guid: 396484bf640bfef4684489c0af863034, type: 2}
      propertyPath: m_RootOrder
      value: 6
      objectReference: {fileID: 0}
    m_RemovedComponents: []
  m_ParentPrefab: {fileID: 100100000, guid: 396484bf640bfef4684489c0af863034, type: 2}
  m_IsPrefabParent: 0
--- !u!114 &2076356468 stripped
MonoBehaviour:
  m_PrefabParentObject: {fileID: 11416322, guid: 13b16caa17784a94cb090183b8cfbd69,
    type: 2}
  m_PrefabInternal: {fileID: 850483458}
  m_Script: {fileID: 11500000, guid: 4394ef6a16335af4f90ccfd5b4e33c7e, type: 3}
